<?xml version="1.0" encoding="UTF-8"?><collection xmlns="http://www.loc.gov/MARC21/slim"><record><leader>00382nam--2200133-i-4500</leader><controlfield tag="001">000016094</controlfield><controlfield tag="002">20161230</controlfield><controlfield tag="005">20161230201031</controlfield><controlfield tag="008">060222s1000------------r-----000-0-eng-d</controlfield><datafield ind1=" " ind2=" " tag="100"><subfield code="a">Courant, Richard And Robbins, Herbert</subfield></datafield><datafield ind1=" " ind2=" " tag="245"><subfield code="a">What is mathematics? an elementary approach to ideas and methods</subfield></datafield><datafield ind1=" " ind2=" " tag="260"><subfield code="a">London, Oxford University Press, 1941</subfield></datafield><datafield ind1=" " ind2=" " tag="490"><subfield code="a">Xix+521p</subfield></datafield><datafield ind1=" " ind2=" " tag="852"><subfield code="a">51</subfield></datafield></record></collection>